% ksiazka
@book{bib:ksiazka,
  title     = {Tytuł książki},
  author    = {Imię Nazwisko and Nazwisko, Imię and Imię Nazwisko},
  publisher = {Wydawnictwo},
  year      = {2017},
  address   = {Warszawa},
  isbn      = {83-204-3229-9-434}
}

% artykul w czasopismie
@article{bib:artykul,
  title   = {Tytuł artykułu w czasopiśmie},
  author  = {Imię Nazwisko and Nazwisko, Imię and Imię Nazwisko},
  journal = {Tytuł czasopisma},
  year    = {2016},
  number  = {8},
  pages   = {1092--1113},
  volume  = {157}
}

% artykul konferencyjny
@inproceedings{bib:konferencja,
  title     = {Tytuł artykułu konferencyjnego},
  author    = {Imię Nazwisko and Nazwisko, Imię and Imię Nazwisko},
  booktitle = {Nazwa konferecji},
  year      = {2006},
  pages     = {5346--5349}
}

% zrodlo internetowe
@online{bib:internet,
  author  = {Imię Nazwisko and Nazwisko, Imię},
  title   = {Tytuł strony internetowej},
  year    = {2021},
  url     = {http://gdzies/w/internecie/internet.html},
  urldate = {2021-09-30}
}
